				<record xmlns="http://www.ddb.de/professionell/mabxml/mabxml-1.xsd">
					<leader>00740nM2.01200024------h</leader>
					<controlfield tag="LDR">00740nM2.01200024------h
					</controlfield>
					<controlfield tag="FMT">MH</controlfield>
					<datafield tag="001" ind1="-" ind2="1">
						<subfield code="a">HT015954381</subfield>
					</datafield>
					<datafield tag="002" ind1="a" ind2="1">
						<subfield code="a">20090604</subfield>
					</datafield>
					<datafield tag="003" ind1="-" ind2="1">
						<subfield code="a">20130326</subfield>
					</datafield>
					<datafield tag="026" ind1="-" ind2="1">
						<subfield code="a">HBZHT015954381</subfield>
					</datafield>
					<controlfield tag="030">a|1uc||||||17</controlfield>
					<datafield tag="036" ind1="a" ind2="1">
						<subfield code="a">DE</subfield>
					</datafield>
					<datafield tag="037" ind1="b" ind2="1">
						<subfield code="a">ger</subfield>
					</datafield>
					<controlfield tag="050">||||||||g|||||</controlfield>
					<controlfield tag="051">s|||w|||</controlfield>
					<datafield tag="070" ind1="-" ind2="1">
						<subfield code="a">929</subfield>
					</datafield>
					<datafield tag="070" ind1="b" ind2="1">
						<subfield code="a">Kob 7</subfield>
					</datafield>
					<datafield tag="078" ind1="r" ind2="1">
						<subfield code="a">929:edoweb</subfield>
					</datafield>
					<datafield tag="080" ind1="-" ind2="1">
						<subfield code="a">60</subfield>
					</datafield>
					<datafield tag="100" ind1="-" ind2="1">
						<subfield code="p">Parreiras, Fernando Silva</subfield>
						<subfield code="d">1978-</subfield>
						<subfield code="9">(DE-588)136283675</subfield>
					</datafield>
					<datafield tag="101" ind1="-" ind2="1">
						<subfield code="p">Silva Parreiras, Fernando</subfield>
						<subfield code="d">1978-</subfield>
					</datafield>
					<datafield tag="104" ind1="a" ind2="1">
						<subfield code="p">Staab, Steffen</subfield>
						<subfield code="9">(DE-588)115749519</subfield>
					</datafield>
					<datafield tag="105" ind1="-" ind2="1">
						<subfield code="p">Staab, S.</subfield>
					</datafield>
					<datafield tag="108" ind1="a" ind2="1">
						<subfield code="p">Winter, Andreas</subfield>
						<subfield code="9">(DE-588)1032936525</subfield>
					</datafield>
					<datafield tag="109" ind1="-" ind2="1">
						<subfield code="p">Winter, A.</subfield>
					</datafield>
					<datafield tag="200" ind1="b" ind2="1">
						<subfield code="k">Institut für Informatik</subfield>
						<subfield code="h">Koblenz</subfield>
						<subfield code="9">(DE-588)5030229-2</subfield>
					</datafield>
					<datafield tag="201" ind1="-" ind2="1">
						<subfield code="k">Institute for Computer Science</subfield>
						<subfield code="h">Koblenz</subfield>
					</datafield>
					<datafield tag="201" ind1="-" ind2="1">
						<subfield code="k">Universität Koblenz-Landau</subfield>
						<subfield code="b">Abteilung Koblenz</subfield>
						<subfield code="b">Institut für Informatik</subfield>
					</datafield>
					<datafield tag="201" ind1="-" ind2="1">
						<subfield code="k">Universität Koblenz-Landau</subfield>
						<subfield code="b">Abteilung Koblenz</subfield>
						<subfield code="b">Informatik</subfield>
					</datafield>
					<datafield tag="201" ind1="-" ind2="1">
						<subfield code="k">Koblenzer Informatikinstitut</subfield>
					</datafield>
					<datafield tag="201" ind1="-" ind2="1">
						<subfield code="k">Universität Koblenz-Landau</subfield>
						<subfield code="b">Abteilung Koblenz</subfield>
						<subfield code="b">Koblenzer Informatikinstitut</subfield>
					</datafield>
					<datafield tag="201" ind1="-" ind2="1">
						<subfield code="k">Informatikinstitut</subfield>
						<subfield code="h">Universität Koblenz-Landau, Abteilung
							Koblenz</subfield>
					</datafield>
					<datafield tag="201" ind1="-" ind2="1">
						<subfield code="k">Universität Koblenz-Landau</subfield>
						<subfield code="b">Abteilung Koblenz</subfield>
						<subfield code="b">Informatikinstitut</subfield>
					</datafield>
					<datafield tag="201" ind1="-" ind2="1">
						<subfield code="k">Universität Koblenz-Landau</subfield>
						<subfield code="b">Fachbereich Informatik</subfield>
						<subfield code="b">Institut für Informatik</subfield>
					</datafield>
					<datafield tag="201" ind1="-" ind2="1">
						<subfield code="k">Universität Koblenz-Landau</subfield>
						<subfield code="b">Fachbereich Informatik</subfield>
						<subfield code="b">Institute for Computer Science</subfield>
					</datafield>
					<datafield tag="331" ind1="-" ind2="1">
						<subfield code="a">TwoUse: Integrating UML models and OWL
							ontologies</subfield>
					</datafield>
					<datafield tag="334" ind1="-" ind2="1">
						<subfield code="a">Elektronische Ressource</subfield>
					</datafield>
					<datafield tag="359" ind1="-" ind2="1">
						<subfield code="a">Fernando Silva Parreiras ; Steffen Staatb
							; Andreas Winter. Universität Koblenz, Landau, Institut für
							Informatik, FB 4, Informatik</subfield>
					</datafield>
					<datafield tag="410" ind1="-" ind2="1">
						<subfield code="a">Koblenz</subfield>
					</datafield>
					<datafield tag="412" ind1="-" ind2="1">
						<subfield code="a">Inst. für Informatik</subfield>
					</datafield>
					<datafield tag="425" ind1="a" ind2="1">
						<subfield code="a">2007</subfield>
					</datafield>
					<datafield tag="451" ind1="-" ind2="1">
						<subfield code="a">Arbeitsberichte aus dem Fachbereich
							Informatik / Universität Koblenz, Landau ; Nr. 16/2007</subfield>
					</datafield>
					<datafield tag="453" ind1="-" ind2="1">
						<subfield code="a">HT015219238</subfield>
					</datafield>
					<datafield tag="455" ind1="-" ind2="1">
						<subfield code="a">Nr. 16/2007</subfield>
					</datafield>
					<datafield tag="456" ind1="-" ind2="1">
						<subfield code="a">2007,16</subfield>
					</datafield>
					<datafield tag="527" ind1="z" ind2="1">
						<subfield code="p">Druckausg. u.d.T.</subfield>
						<subfield code="a">Silva Parreiras, Fernando: TwoUse:
							Integrating UML models and OWL ontologies</subfield>
						<subfield code="9">HT015217489</subfield>
					</datafield>
					<datafield tag="652" ind1="a" ind2="1">
						<subfield code="a">Archivierte Online-Ressource</subfield>
					</datafield>
					<datafield tag="655" ind1="e" ind2="1">
						<subfield code="a">;</subfield>
						<subfield code="x">kostenfrei</subfield>
						<subfield code="x">Langzeitarchvierung</subfield>
					</datafield>
					<datafield tag="700" ind1="l" ind2="1">
						<subfield code="a">820</subfield>
					</datafield>
					<datafield tag="700" ind1="l" ind2="1">
						<subfield code="a">rpb884000</subfield>
					</datafield>
					<datafield tag="700" ind1="b" ind2="1">
						<subfield code="a">004</subfield>
					</datafield>
					<controlfield tag="SYS">017497071</controlfield>
					<datafield tag="LOW" ind1="-" ind2="1">
						<subfield code="a">R0001</subfield>
					</datafield>
					<datafield tag="HID" ind1="-" ind2="1">
						<subfield code="s">DTL2ALEPH</subfield>
						<subfield code="c">20090604</subfield>
						<subfield code="l">HBZ01</subfield>
						<subfield code="h">1306</subfield>
					</datafield>
					<datafield tag="088" ind1=" " ind2=" ">
						<subfield code="a">929</subfield>
					</datafield>
					<datafield tag="655" ind1="e" ind2=" ">
						<subfield code="u">http://digitool.hbz-nrw.de:1801/webclient/DeliveryManager?pid=3025501&amp;custom_att_2=simple_viewer
						</subfield>
						<subfield code="y">TwoUse: Integrating UML models and OWL
							ontologies</subfield>
						<subfield code="x">Archivierte Online-Ressource</subfield>
					</datafield>
				</record>
